%% This BibTeX bibliography file was created using BibDesk.
%% http://bibdesk.sourceforge.net/


%% Created for Kevin Jin at 2016-01-22 19:27:39 -0600


%% Saved with string encoding Unicode (UTF-8)



@misc{power_price,
	Date-Added = {2016-01-23 01:25:33 +0000},
	Date-Modified = {2016-01-23 01:26:31 +0000},
	Howpublished = {\url{https://www.eia.gov/electricity/monthly/epm_table_grapher.cfm?t=epmt_5_3}},
	Note = {[Last accessed January 2016]},
	Title = {Electric Power Monthly}
}

@inproceedings{anonymous,
	Author = {Anonymous},
	Date-Added = {2016-01-22 23:27:08 +0000},
	Date-Modified = {2016-01-22 23:27:36 +0000},
	Title = {Details omitted for double-blind reviewing.}
}

@misc{iit_microgrid,
	Date-Added = {2016-01-22 18:06:34 +0000},
	Date-Modified = {2016-01-22 18:06:34 +0000},
	Howpublished = {\url{http://www.iitmicrogrid.net/microgrid.aspx}},
	Title = {{IIT} Campus Microgrid Project},
	Note = {[Last accessed December 2015}
}

@inproceedings{demu,
	Author = {Zheng, Yuhao and Jin, Dong and Nicol, David M.},
	Booktitle = {Proc. of the 2013 Winter Simulation Conference (WSC)},
	Date-Added = {2016-01-21 06:51:41 +0000},
	Date-Modified = {2016-01-21 06:51:41 +0000},
	Pages = {2996--3007},
	Title = {Impacts of application lookahead on distributed network emulation},
	Year = {2013},
	Bdsk-Url-1 = {http://dx.doi.org/10.1109/WSC.2010.5678988}}

@article{Sun2012,
	Author = {Sun, Huo-Ching and Huang, Yann-Chang},
	Journal = {Procedia Engineering},
	Pages = {1822--1827},
	Title = {{Optimization of Power Scheduling for Energy Management in Smart Homes}},
	Volume = {38},
	Year = {2012}}

@article{Xue2007,
	Author = {Xue, Hui and Jia, Q and Wang, N and Bo, Zhi-qian},
	Journal = {Power Engineering},
	Pages = {848--853},
	Title = {{A dynamic state estimation method with pmu and scada measurement for power systems}},
	Volume = {5},
	Year = {2007}}

@article{Agnetis2013,
	Author = {Agnetis, Alessandro and {De Pascale}, Gianluca and Detti, Paolo and Vicino, Antonio},
	Journal = {IEEE Transactions on Smart Grid},
	Number = {4},
	Pages = {2364--2373},
	Title = {{Load scheduling for household energy consumption optimization}},
	Volume = {4},
	Year = {2013}}

@article{Wang2013,
	Author = {Wang, Shie Yuan and Chou, Chih Liang and Yang, Chun Ming},
	Journal = {IEEE Communications Magazine},
	Number = {September},
	Pages = {110--117},
	Title = {{EstiNet openflow network simulator and emulator}},
	Volume = {51},
	Year = {2013}}

@inproceedings{Lamps:CENS:pads15,
	Address = {New York, NY, USA},
	Author = {Lamps, Jereme and Adam, Vladimir and Nicol, David M. and Caesar, Matthew},
	Booktitle = {Proceedings of the 3rd ACM SIGSIM Conference on Principles of Advanced Discrete Simulation},
	Location = {London, United Kingdom},
	Numpages = {12},
	Pages = {113--124},
	Publisher = {ACM},
	Series = {SIGSIM PADS '15},
	Title = {Conjoining Emulation and Network Simulators on Linux Multiprocessors},
	Year = {2015}}

@inproceedings{Yan:VTS:pads15,
	Acmid = {2769480},
	Address = {New York, NY, USA},
	Author = {Yan, Jiaqi and Jin, Dong},
	Booktitle = {Proceedings of the 3rd ACM SIGSIM Conference on Principles of Advanced Discrete Simulation},
	Doi = {10.1145/2769458.2769480},
	Isbn = {978-1-4503-3583-6},
	Keywords = {linux container, time dilation, virtual time},
	Location = {London, United Kingdom},
	Numpages = {12},
	Pages = {235--246},
	Publisher = {ACM},
	Series = {SIGSIM PADS '15},
	Title = {A Virtual Time System for Linux-container-based Emulation of Software-defined Networks},
	Url = {http://doi.acm.org/10.1145/2769458.2769480},
	Year = {2015},
	Bdsk-Url-1 = {http://doi.acm.org/10.1145/2769458.2769480},
	Bdsk-Url-2 = {http://dx.doi.org/10.1145/2769458.2769480}}

@inproceedings{Yan:VTM:sosr15,
	Address = {New York, NY, USA},
	Articleno = {27},
	Author = {Yan, Jiaqi and Jin, Dong},
	Booktitle = {Proceedings of the 1st ACM SIGCOMM Symposium on Software Defined Networking Research},
	Location = {Santa Clara, California},
	Numpages = {7},
	Pages = {27:1--27:7},
	Publisher = {ACM},
	Series = {SOSR '15},
	Title = {VT-Mininet: Virtual-time-enabled Mininet for Scalable and Accurate Software-Define Network Emulation},
	Year = {2015}}

@inproceedings{Lamps:TK:pads14,
	Address = {New York, NY, USA},
	Author = {Lamps, Jereme and Nicol, David M. and Caesar, Matthew},
	Booktitle = {Proceedings of the 2Nd ACM SIGSIM Conference on Principles of Advanced Discrete Simulation},
	Location = {Denver, Colorado, USA},
	Numpages = {8},
	Pages = {179--186},
	Publisher = {ACM},
	Series = {SIGSIM PADS '14},
	Title = {TimeKeeper: A Lightweight Virtual Time System for Linux},
	Year = {2014}}

@article{Mets2014,
	Author = {Mets, K. and Ojea, J.A. and Develder, C.},
	Doi = {10.1109/SURV.2014.021414.00116},
	Issn = {1553-877X},
	Journal = {Communications Surveys Tutorials, IEEE},
	Keywords = {power system simulation;smart power grids;telecommunication networks;associated ICT infrastructure;combined power-communication simulators;communication network simulation;cost-effective smart grid analysis;electricity grid;multiagent based modeling;power grid;power network simulation;power system simulators;smart grid simulators;Communication networks;Context;Monitoring;Real-time systems;Smart grids;Smart grid;communication network;power system;simulation},
	Month = {Third},
	Number = {3},
	Pages = {1771-1796},
	Title = {Combining Power and Communication Network Simulation for Cost-Effective Smart Grid Analysis},
	Volume = {16},
	Year = {2014},
	Bdsk-Url-1 = {http://dx.doi.org/10.1109/SURV.2014.021414.00116}}

@inproceedings{Goodney2013,
	Author = {Goodney, A. and Kumar, S. and Ravi, A. and Cho, Y.H.},
	Booktitle = {Smart Grid Communications (SmartGridComm), 2013 IEEE International Conference on},
	Doi = {10.1109/SmartGridComm.2013.6687987},
	Keywords = {multicast communication;phasor measurement;smart power grids;software radio;GridStat;IP Multicast;PMU networking;SDN;communications network;flexibly defined network;industry standards;multicast network;multirate network;optimal network utilization;phasor measurement unit;power grid networking;power grid operators;programmability;smart grid;software defined networks;Hardware;IP networks;Phasor measurement units;Ports (Computers);Smart grids;Software},
	Month = {Oct},
	Pages = {378-383},
	Title = {Efficient PMU networking with software defined networks},
	Year = {2013},
	Bdsk-Url-1 = {http://dx.doi.org/10.1109/SmartGridComm.2013.6687987}}

@inproceedings{Kim2014,
	Author = {Young-Jin Kim and Keqiang He and Thottan, M. and Deshpande, J.G.},
	Booktitle = {Smart Grid Communications (SmartGridComm), 2014 IEEE International Conference on},
	Doi = {10.1109/SmartGridComm.2014.7007682},
	Keywords = {computer network management;local area networks;phasor measurement;smart power grids;telecommunication switching;virtual private networks;virtualisation;IEEE 802.1Q;M2M communication networks;OpenFlow;PMU;SDN technology programmability;SDN-enabled Ethernet switches;high-powered sensors;large-scale utility M2M applications;machine-to-machine communications;phasor measurement units;self-configurable utility communications;smart grid roll-out;software-defined networks;utility communication network management;virtual utility network;virtualized utility communications;Control systems;Delays;Phasor measurement units;Ports (Computers);Security;Servers;Smart grids},
	Month = {Nov},
	Pages = {416-421},
	Title = {Virtualized and self-configurable utility communications enabled by software-defined networks},
	Year = {2014},
	Bdsk-Url-1 = {http://dx.doi.org/10.1109/SmartGridComm.2014.7007682}}

@inproceedings{Dong2015,
	Acmid = {2732203},
	Address = {New York, NY, USA},
	Author = {Dong, Xinshu and Lin, Hui and Tan, Rui and Iyer, Ravishankar K. and Kalbarczyk, Zbigniew},
	Booktitle = {Proceedings of the 1st ACM Workshop on Cyber-Physical System Security},
	Doi = {10.1145/2732198.2732203},
	Isbn = {978-1-4503-3448-8},
	Keywords = {cyber-physical systems, cyber-security, resilience, smart grids, software-defined networking},
	Location = {Singapore, Republic of Singapore},
	Numpages = {8},
	Pages = {61--68},
	Publisher = {ACM},
	Series = {CPSS '15},
	Title = {Software-Defined Networking for Smart Grid Resilience: Opportunities and Challenges},
	Url = {http://doi.acm.org/10.1145/2732198.2732203},
	Year = {2015},
	Bdsk-Url-1 = {http://doi.acm.org/10.1145/2732198.2732203},
	Bdsk-Url-2 = {http://dx.doi.org/10.1145/2732198.2732203}}

@inproceedings{Lantz:Mininet:2010,
	Address = {New York, NY, USA},
	Articleno = {19},
	Author = {Lantz, Bob and Heller, Brandon and McKeown, Nick},
	Booktitle = {Proceedings of the 9th ACM SIGCOMM Workshop on Hot Topics in Networks},
	Location = {Monterey, California},
	Numpages = {6},
	Pages = {19:1--19:6},
	Publisher = {ACM},
	Series = {Hotnets-IX},
	Title = {{A Network in a Laptop: Rapid Prototyping for Software-defined Networks}},
	Year = {2010}}

@misc{LWN:Namespace:2013,
	Author = {Michael Kerrisk},
	Howpublished = {\url{https://lwn.net/Articles/531114/}},
	Note = {[Online; accessed 6-Oct-2015]},
	Title = {{Namespaces in operation, part 1: namespaces overview}},
	Year = {2013}}

@inproceedings{Werner:TC:1999,
	Address = {Raleigh, NC},
	Author = {Almesberger, Werner},
	Booktitle = {Proceedings of 5th Annual Linux Expo},
	Pages = {153--164},
	Title = {{L}inux traffic control: implementation overview},
	Year = {1999}}

@misc{iputils,
	Howpublished = {\url{http://www.skbuff.net/iputils/}},
	Note = {[Last accessed November 2015]},
	Title = {iputils}}

@misc{iPerf3,
	Howpublished = {\url{http://software.es.net/iperf}},
	Note = {[Last accessed December 2014]},
	Title = {iperf3}}

@misc{comed,
	Howpublished = {\url{https://hourlypricing.comed.com/live-prices/?date=20151106}},
	Note = {[Last accessed December 2015]},
	Title = {ComEd}}

@misc{energy.gov,
	Howpublished = {\url{http://energy.gov/oe/services/technology-development/smart-grid}},
	Note = {[Last accessed January 2016]},
	Title = {SMART GRID}}

@misc{0mq,
	Howpublished = {\url{http://zeromq.org/}},
	Note = {[Last accessed January 2016]},
	Title = {ZeroMQ}}

@misc{initiative:smartCities,
	Howpublished = {\url{http://tinyurl.com/smart-cities-initiative}},
	Note = {[Last accessed January 2016]},
	Title = {FACT SHEET: Administration Announces New Smart Cities Initiative to Help Communities Tackle Local Challenges and Improve City Services},
	Year = {2015}}

@misc{DSSmanual,
	Author = {Roger C Dugan},
	Company = {Electric Power Research Institute, Inc.},
	Title = {Reference Guide, The Open Distribution System Simulator},
	Year = {2013}}

@misc{openDSS,
	Company = {Electrical Power Research Institute, Inc.},
	Howpublished = {\url{http://sourceforge.net/projects/electricdss}},
	Note = {[Last accessed January 2016]},
	Title = {OpenDSS Program, SOURCEFORGE.NET}}

@inproceedings{Dong:2015,
	Acmid = {2732203},
	Address = {New York, NY, USA},
	Author = {Dong, Xinshu and Lin, Hui and Tan, Rui and Iyer, Ravishankar K. and Kalbarczyk, Zbigniew},
	Booktitle = {Proceedings of the 1st ACM Workshop on Cyber-Physical System Security},
	Doi = {10.1145/2732198.2732203},
	Isbn = {978-1-4503-3448-8},
	Keywords = {cyber-physical systems, cyber-security, resilience, smart grids, software-defined networking},
	Location = {Singapore, Republic of Singapore},
	Numpages = {8},
	Pages = {61--68},
	Publisher = {ACM},
	Series = {CPSS '15},
	Title = {Software-Defined Networking for Smart Grid Resilience: Opportunities and Challenges},
	Url = {http://doi.acm.org/10.1145/2732198.2732203},
	Year = {2015},
	Bdsk-Url-1 = {http://doi.acm.org/10.1145/2732198.2732203},
	Bdsk-Url-2 = {http://dx.doi.org/10.1145/2732198.2732203}}

@article{61850,
	Acmid = {2793822},
	Address = {Tarrytown, NY, USA},
	Author = {Molina, Elias and Jacob, Eduardo and Matias, Jon and Moreira, Naiara and Astarloa, Armando},
	Doi = {10.1016/j.compeleceng.2014.10.016},
	Issn = {0045-7906},
	Issue_Date = {April 2015},
	Journal = {Comput. Electr. Eng.},
	Keywords = {IEC 61850, Monitoring, OpenFlow, Smart Grid, Software Defined Networking, sFlow},
	Month = apr,
	Number = {C},
	Numpages = {13},
	Pages = {142--154},
	Publisher = {Pergamon Press, Inc.},
	Title = {Using Software Defined Networking to Manage and Control IEC 61850-based Systems},
	Url = {http://dx.doi.org/10.1016/j.compeleceng.2014.10.016},
	Volume = {43},
	Year = {2015},
	Bdsk-Url-1 = {http://dx.doi.org/10.1016/j.compeleceng.2014.10.016}}

@article{Sydney2014,
	Author = {Sydney, Ali and Ochs, David S and Scoglio, Caterina and Gruenbacher, Don and Miller, Ruth},
	Journal = {Computer Networks},
	Pages = {5--16},
	Publisher = {Elsevier},
	Title = {Using GENI for experimental evaluation of Software Defined Networking in smart grids},
	Volume = {63},
	Year = {2014}}

@inproceedings{DSSco-sim,
	Author = {Godfrey, T. and Mullen, S. and Dugan, R.C. and Rodine, C. and Griffith, D.W. and Golmie, N.},
	Booktitle = {Smart Grid Communications (SmartGridComm), 2010 First IEEE International Conference on},
	Doi = {10.1109/SMARTGRID.2010.5622057},
	Keywords = {power system control;power system simulation;radiocommunication;smart power grids;distributed storage units;electrical grid;electrical power system;open source event-driven simulator;radio frequency transmission;smart grid control scheme;smart grid modeling;solar photovoltaic array;wireless communication network;Analytical models;Delay;Integrated circuit modeling;Receivers;Regulators;Smart grids;Voltage control},
	Month = {Oct},
	Pages = {291-296},
	Title = {Modeling Smart Grid Applications with Co-Simulation},
	Year = {2010},
	Bdsk-Url-1 = {http://dx.doi.org/10.1109/SMARTGRID.2010.5622057}}

@inproceedings{DSS-RT-HIL,
	Author = {Montenegro, D. and Hernandez, M. and Ramos, G.A.},
	Booktitle = {Transmission and Distribution: Latin America Conference and Exposition (T D-LA), 2012 Sixth IEEE/PES},
	Doi = {10.1109/TDC-LA.2012.6319069},
	Keywords = {IEEE standards;distribution networks;power system simulation;IEEE 13 nodes system;LabVIEW RT software;National Instruments Real Time hardware architectures;OpenDSS capabilities;OpenDSS software;RT-HIL systems;advanced distribution automation;analog signals;digital signals;distributed generation;distribution networks simulation;distribution systems simulation;electric power industry;powerful software platform;real time OpenDSS framework;real time analytical simulation;real time hardware in the loop techniques;testing times;Computational modeling;Computer architecture;Field programmable gate arrays;Hardware;Load flow;Real-time systems;Software;Advanced distribution automation;distribution networks;openDSS;real time;simulation},
	Month = {Sept},
	Pages = {1-5},
	Title = {Real time OpenDSS framework for distribution systems simulation and analysis},
	Year = {2012},
	Bdsk-Url-1 = {http://dx.doi.org/10.1109/TDC-LA.2012.6319069}}

@article{RT-SmartGrid,
	Author = {Dufour, C. and Belanger, J.},
	Doi = {10.1109/TIA.2014.2315507},
	Issn = {0093-9994},
	Journal = {Industry Applications, IEEE Transactions on},
	Keywords = {EMTP;distributed power generation;power distribution control;power generation scheduling;smart power grids;distribution control;large grid renewable integration;large-area protection;load scheduling;microgrids;power balance;power grids;real-time simulation technology;smart grid;wide-area monitoring;Delays;Mathematical model;Phasor measurement units;Protocols;Real-time systems;Smart grids;Voltage control;Distribution grid;HIL;IEC-61850;SSN;electromagnetic transient simulation;hardware-in-the-loop;power-HIL;real-time simulation;relay testing;smart grid},
	Month = {Nov},
	Number = {6},
	Pages = {3963-3970},
	Title = {On the Use of Real-Time Simulation Technology in Smart Grid Research and Development},
	Volume = {50},
	Year = {2014},
	Bdsk-Url-1 = {http://dx.doi.org/10.1109/TIA.2014.2315507}}

@article{GECO,
	Author = {Hua Lin and Veda, S.S. and Shukla, S.S. and Mili, L. and Thorp, J.},
	Doi = {10.1109/TSG.2012.2191805},
	Issn = {1949-3053},
	Journal = {Smart Grid, IEEE Transactions on},
	Keywords = {digital communication;discrete event simulation;power system control;power system interconnection;power system measurement;power system protection;power system simulation;smart power grids;GECO;communication delays;communication infrastructure;communication network;communication network co-simulation framework;communication-based backup distance relay protection scheme;control techniques;digital communication techniques;global event-driven co-simulation framework;interconnected power system;power system co-simulation framework;power system dynamic simulation;power system integration;resilient power system;single distributed cyber-physical system;smart grid;wide area measurements;Communication networks;Mathematical model;Power grids;Power system dynamics;Real time systems;Synchronization;Co-simulation;event-driven;wide area protection and control},
	Month = {Sept},
	Number = {3},
	Pages = {1444-1456},
	Title = {GECO: Global Event-Driven Co-Simulation Framework for Interconnected Power System and Communication Network},
	Volume = {3},
	Year = {2012},
	Bdsk-Url-1 = {http://dx.doi.org/10.1109/TSG.2012.2191805}}

@inproceedings{FNCS,
	Acmid = {2665044},
	Address = {San Diego, CA, USA},
	Articleno = {36},
	Author = {Ciraci, Selim and Daily, Jeff and Fuller, Jason and Fisher, Andrew and Marinovici, Laurentiu and Agarwal, Khushbu},
	Booktitle = {Proceedings of the Symposium on Theory of Modeling \& Simulation - DEVS Integrative},
	Keywords = {co-simulation, high level architecture, optimistic synchronization, speculative execution, time synchronization},
	Location = {Tampa, Florida},
	Numpages = {8},
	Pages = {36:1--36:8},
	Publisher = {Society for Computer Simulation International},
	Series = {DEVS '14},
	Title = {FNCS: A Framework for Power System and Communication Networks Co-simulation},
	Url = {http://dl.acm.org/citation.cfm?id=2665008.2665044},
	Year = {2014},
	Bdsk-Url-1 = {http://dl.acm.org/citation.cfm?id=2665008.2665044}}

@inproceedings{FNCS-algos,
	Author = {Ciraci, S. and Daily, J. and Agarwal, K. and Fuller, J. and Marinovici, L. and Fisher, A.},
	Booktitle = {Modelling, Analysis Simulation of Computer and Telecommunication Systems (MASCOTS), 2014 IEEE 22nd International Symposium on},
	Doi = {10.1109/MASCOTS.2014.51},
	Issn = {1526-7539},
	Keywords = {power system control;smart power grids;synchronisation;telecommunication networks;active set conservative;communication network;conservative algorithm;cooperative simulation;information exchange;power grid;reactive conservative;resilient control;smart grid deployment;time synchronization overhead reduction;Algorithm design and analysis;Communication networks;Computational modeling;Heuristic algorithms;Smart grids;Synchronization;co-simulation;smart grid;synchronization algorithms},
	Month = {Sept},
	Pages = {355-364},
	Title = {Synchronization Algorithms for Co-simulation of Power Grid and Communication Networks},
	Year = {2014},
	Bdsk-Url-1 = {http://dx.doi.org/10.1109/MASCOTS.2014.51}}

@article{EPOCHS,
	Author = {Hopkinson, K. and Xiaoru Wang and Giovanini, R. and Thorp, J. and Birman, K. and Coury, D.},
	Doi = {10.1109/TPWRS.2006.873129},
	Issn = {0885-8950},
	Journal = {Power Systems, IEEE Transactions on},
	Keywords = {power system simulation;software agents;software packages;agents;commercial off-the-shelf components;electric power and communication simulation;electric power simulation tools;large regional power pools;power grids;Communication system control;Computational modeling;Control system synthesis;Industrial power systems;Power markets;Power system control;Power system modeling;Power system protection;Power system simulation;Power systems;Agents;commercial off-the-shelf (COTS) integration;networking;power systems evaluation;simulation},
	Month = {May},
	Number = {2},
	Pages = {548-558},
	Title = {EPOCHS: a platform for agent-based electric power and communication simulation built from commercial off-the-shelf components},
	Volume = {21},
	Year = {2006},
	Bdsk-Url-1 = {http://dx.doi.org/10.1109/TPWRS.2006.873129}}

@inproceedings{load-sched,
	Author = {Sood, V.K. and Fischer, D. and Eklund, J.M. and Brown, T.},
	Booktitle = {Electrical Power Energy Conference (EPEC), 2009 IEEE},
	Doi = {10.1109/EPEC.2009.5420809},
	Keywords = {distributed power generation;smart power grids;DG availability;DG islanding;data communication system;distributed generation interconnection;electric power system;power distribution;power generation;power transmission;smart grid;Aging;Data communication;Distributed control;Electric vehicles;Home appliances;Intelligent sensors;Mesh generation;Smart grids;Solar power generation;Wind energy generation;Distributed Generation;Islanding;Smart Grid},
	Month = {Oct},
	Pages = {1-7},
	Title = {Developing a communication infrastructure for the Smart Grid},
	Year = {2009},
	Bdsk-Url-1 = {http://dx.doi.org/10.1109/EPEC.2009.5420809}}

@misc{Clockevent,
	Author = "Jonathan Corbet",
	Howpublished = {\url{http://lwn.net/Articles/223185}},
	Note = {[Last accessed December 2015]},
	Title = {{Clockevents and dyntick}}}

@misc{Hrtimer,
	Author = "Jonathan Corbet",
	Howpublished = {\url{http://lwn.net/Articles/167897}},
	Note = {[Last accessed December 2015]},
	Title = {{The high-resolution timer API}}}

@techreport{Netem,
	Address = {Tor Vergata},
	Author = {Salsano, S and Ludovici, F and Ordine, A and Giannuzzi, D},
	Institution = {University of Rome},
	Number = {60},
	Title = {{Definition of a general and intuitive loss model for packet networks and its implementation in the Netem module in the Linux kernel}},
	Year = {2009}}

@book{ULK,
	Author = {Bovet, Daniel and Cesati Marco},
	Edition = {3},
	Publisher = {O'Reilly},
	Title = {{Understanding the Linux Kernel}},
	Year = {2005}}

@inproceedings{comm-inf,
	Author = {Sood, V.K. and Fischer, D. and Eklund, J.M. and Brown, T.},
	Booktitle = {Electrical Power Energy Conference (EPEC), 2009 IEEE},
	Doi = {10.1109/EPEC.2009.5420809},
	Keywords = {distributed power generation;smart power grids;DG availability;DG islanding;data communication system;distributed generation interconnection;electric power system;power distribution;power generation;power transmission;smart grid;Aging;Data communication;Distributed control;Electric vehicles;Home appliances;Intelligent sensors;Mesh generation;Smart grids;Solar power generation;Wind energy generation;Distributed Generation;Islanding;Smart Grid},
	Month = {Oct},
	Pages = {1-7},
	Title = {Developing a communication infrastructure for the Smart Grid},
	Year = {2009},
	Bdsk-Url-1 = {http://dx.doi.org/10.1109/EPEC.2009.5420809}}
