solo@falcon.iit.edu.21457:1491582382